@TechReport{scala-overview,
  author =       {Martin Odersky and al.},
  title =        {An Overview of the Scala Programming Language},
  institution =  {EPFL Lausanne, Switzerland},
  year =         2004,
  number =       {IC/2004/64}
}

@TechReport{scala-collections,
  author =       {Martin Odersky},
  title =        {Scala 2.8 Collections},
  institution =  {EPFL Lausanne, Switzerland},
  year =         2009,
}

@TechReport{scala-parallel,
  author =       {Aleksandar Prokopec, Tiark Rompf, Phil Bagwell, Martin Odersky},
  title =        {A Generic Parallel Collection Framework},
  institution =  {EPFL Lausanne, Switzerland},
  year =         2010,
}
